<collection xmlns="http://www.loc.gov/MARC21/slim"><record><leader>00822nam  2200265   450</leader><controlfield tag="001">481</controlfield><controlfield tag="003">http://montalegre.opacnet.com/OPAC/default.aspx?ContentAreaControl=ShowRegHoldings.ascx&amp;RegNo=16662</controlfield><datafield tag="010" ind1=" " ind2=" "><subfield code="a">972-29-0336-5</subfield></datafield><datafield tag="021" ind1=" " ind2=" "><subfield code="a">PT</subfield><subfield code="b">148344/00</subfield></datafield><datafield tag="100" ind1=" " ind2=" "><subfield code="a">20001213d2000    m  y0pory010305  ba</subfield></datafield><datafield tag="101" ind1="1" ind2=" "><subfield code="a">por</subfield><subfield code="c">ger</subfield></datafield><datafield tag="102" ind1=" " ind2=" "><subfield code="a">PT</subfield></datafield><datafield tag="105" ind1=" " ind2=" "><subfield code="a">y   z   001fy</subfield></datafield><datafield tag="106" ind1=" " ind2=" "><subfield code="a">r</subfield></datafield><datafield tag="200" ind1="1" ind2=" "><subfield code="a">Contos de amor</subfield><subfield code="f">Hermann Hesse</subfield><subfield code="g">trad. Maria Adélia Silva Melo</subfield></datafield><datafield tag="205" ind1=" " ind2=" "><subfield code="a">5ª ed</subfield></datafield><datafield tag="210" ind1=" " ind2=" "><subfield code="a">Algés</subfield><subfield code="c">Difel</subfield><subfield code="d">2000</subfield></datafield><datafield tag="215" ind1=" " ind2=" "><subfield code="a">377, [2] p.</subfield><subfield code="d">23 cm</subfield></datafield><datafield tag="225" ind1="2" ind2=" "><subfield code="a">Literatura estrangeira</subfield></datafield><datafield tag="304" ind1=" " ind2=" "><subfield code="a">Tít. orig.: Liebesgeschichten</subfield></datafield><datafield tag="675" ind1=" " ind2=" "><subfield code="a">821.112.2-34"19"</subfield></datafield><datafield tag="700" ind1=" " ind2="1"><subfield code="a">Hesse</subfield><subfield code="b">Hermann</subfield><subfield code="f">1877-1962</subfield></datafield><datafield tag="702" ind1=" " ind2="1"><subfield code="a">Melo</subfield><subfield code="b">Maria Adélia Silva</subfield><subfield code="4">730</subfield></datafield><datafield tag="801" ind1=" " ind2="0"><subfield code="a">PT</subfield><subfield code="b">Biblioteca Municipal de Montalegre</subfield><subfield code="g">RPC</subfield></datafield><datafield tag="856" ind1=" " ind2=" "><subfield code="u">locateMedia.asp?cod=20060517145319&amp;ext=jpg</subfield><subfield code="z">CAPA</subfield></datafield><datafield tag="909" ind1="&#9;" ind2=" "><subfield code="a">1</subfield></datafield><datafield tag="966" ind1=" " ind2=" "><subfield code="a">0015391</subfield><subfield code="l">BMM</subfield><subfield code="s">SCG 821 HES con</subfield></datafield></record></collection>